@inproceedings{pu2013whole,
  title={Whole-home gesture recognition using wireless signals},
  author={Pu, Qifan and Gupta, Sidhant and Gollakota, Shyamnath and Patel, Shwetak},
  booktitle={Proceedings of the 19th annual international conference on Mobile computing \& networking},
  pages={27--38},
  year={2013},
  organization={ACM}
}
@inproceedings{kellogg2014bringing,
  title={Bringing gesture recognition to all devices},
  author={Kellogg, Bryce and Talla, Vamsi and Gollakota, Shyamnath},
  booktitle={11th USENIX Symposium on Networked Systems Design and Implementation (NSDI 14)},
  pages={303--316},
  year={2014}
}
@inproceedings{abdelnasser2015wigest,
  title={Wigest: A ubiquitous wifi-based gesture recognition system},
  author={Abdelnasser, Heba and Youssef, Moustafa and Harras, Khaled A},
  booktitle={Computer Communications (INFOCOM), 2015 IEEE Conference on},
  pages={1472--1480},
  year={2015},
  organization={IEEE}
}
@article{halperin2011tool,
  title={Tool release: gathering 802.11 n traces with channel state information},
  author={Halperin, Daniel and Hu, Wenjun and Sheth, Anmol and Wetherall, David},
  journal={ACM SIGCOMM Computer Communication Review},
  volume={41},
  number={1},
  pages={53--53},
  year={2011},
  publisher={ACM}
}
@inproceedings{sigg2014telepathic,
  title={The telepathic phone: Frictionless activity recognition from wifi-rssi},
  author={Sigg, Stephan and Blanke, Ulf and Troster, Gerhard},
  booktitle={Pervasive Computing and Communications (PerCom), 2014 IEEE International Conference on},
  pages={148--155},
  year={2014},
  organization={IEEE}
}
@article{zhang2010named,
  title={Named data networking (ndn) project},
  author={Zhang, Lixia and Estrin, Deborah and Burke, Jeffrey and Jacobson, Van and Thornton, James D and Smetters, Diana K and Zhang, Beichuan and Tsudik, Gene and Massey, Dan and Papadopoulos, Christos and others},
  journal={Relat{\'o}rio T{\'e}cnico NDN-0001, Xerox Palo Alto Research Center-PARC},
  year={2010},
  publisher={Citeseer}
}

@misc{ccnr,
  title={CCNx Repository Protocols},
  note={\url{http://www.ccnx.org/releases/latest/doc/technical/RepoProtocol.html}}
}

@misc{signed-interest,
  title={Signed Interest},
  note={\url{http://redmine.named-data.net/projects/ndn-cxx/wiki/SignedInterest}}
}

@misc{ndn-packet,
  title={NDN Packet Format Specification},
  note={\url{http://named-data.net/doc/ndn-tlv/}},
}

@article{pugh1990skip,
  title={Skip lists: a probabilistic alternative to balanced trees},
  author={Pugh, William},
  journal={Communications of the ACM},
  volume={33},
  number={6},
  pages={668--676},
  year={1990},
  publisher={ACM}
}

@misc{validconf,
  title={Validator Configuration File Format},
  note={\url{http://redmine.named-data.net/projects/ndn-cxx/wiki/CommandValidatorConf}},
}

@misc{ndn-cxx,
  title={ndn-cxx: NDN C++ library with eXperimental eXtensions},
  note={\url{http://redmine.named-data.net/projects/ndn-cxx/wiki}},
}

@misc{NFD,
  title={NFD: New Named Data Networking forwarding Daemon},
  note={\url{http://redmine.named-data.net/projects/nfd/wiki}},
}

@misc{ccnd,
  title={ccnd},
  note={\url{http://www.ccnx.org/releases/latest/doc/manpages/ccnd.1.html}}
}

@inproceedings{clark1990architectural,
  title={Architectural considerations for a new generation of protocols},
  author={Clark, David D and Tennenhouse, David L},
  booktitle={ACM SIGCOMM Computer Communication Review},
  volume={20},
  number={4},
  pages={200--208},
  year={1990},
  organization={ACM}
}

@article{afanasyev2012ndnsim,
  title={ndnSIM: NDN simulator for NS-3},
  author={Afanasyev, Alexander and Moiseenko, Ilya and Zhang, Lixia and others},
  journal={University of California, Los Angeles, Tech. Rep},
  year={2012}
}
